@InProceedings{W14-4012,
  author = 	"Cho, Kyunghyun
		and van Merrienboer, Bart
		and Bahdanau, Dzmitry
		and Bengio, Yoshua",
  title = 	"On the Properties of Neural Machine Translation: Encoder--Decoder Approaches",
  booktitle = 	"Proceedings of SSST-8, Eighth Workshop on Syntax, Semantics and Structure      in Statistical Translation    ",
  year = 	"2014",
  publisher = 	"Association for Computational Linguistics",
  pages = 	"103--111",
  location = 	"Doha, Qatar",
  doi = 	"10.3115/v1/W14-4012",
  url = 	"http://www.aclweb.org/anthology/W14-4012"
}
